% Knez Z., Markocic E., Leitgeb M., Primozic M., Knez Hrncic M., Skerget M.
@article{KMLetal14,
	author = {Ž. Knez and E. Markočič and M. Leitgeb and M. Primožič and M. {Knez Hrnčič} and M. Škerget},
	title = {Industrial applications of supercritical fluids: A review},
	journal = {Energy},
	volume = {77},
	pages = {235-243},
	year = {2014},
	issn = {0360-5442},
	doi = {https://doi.org/10.1016/j.energy.2014.07.044},
	url = {https://www.sciencedirect.com/science/article/pii/S0360544214008664}
}

% Bryk T., Gorelli F. A., Mryglod I.
@article{BGMetal17,
	author = {Bryk, T. and Gorelli, F. A. and Mryglod, I. and Ruocco, G. and Santoro, M. and Scopigno, T.},
	title = {Behavior of Supercritical Fluids across the {``Frenkel Line''}},
	fjournal = {The Journal of Physical Chemistry Letters},
	journal = {J. Phys. Chem. Lett.},
	year = {2017},
	volume = {8},
	number = {20},
	pages = {4995-5001},
	url = {https://doi.org/10.1021/acs.jpclett.7b02176},
	doi = {10.1021/acs.jpclett.7b02176}
}

% Campi X., Krivine H., Sator N
@article{CKS01,
	author = {Campi, X. and Krivine, H and Sator, N.},
	title = {Percolation line of self-bound clusters in supercritical fluids},
	fjournal = {Physica A: Statistical Mechanics and its Applications},
	journal = {Physica A},
	volume = {296},
	number = {1},
	pages = {24-30},
	year = {2001},
	issn = {0378-4371},
	doi = {https://doi.org/10.1016/S0378-4371(01)00158-3},
	url = {https://www.sciencedirect.com/science/article/pii/S0378437101001583}
}

% Xu Limei, Kumar Pradeep, Buldyrev S. V., et al.
@article{XKBetal05,
	author = {Xu, Limei and Kumar, Pradeep and Buldyrev, S. V. and Chen, S.-H. and Poole, P. H. and Sciortino, F. and Stanley, H. E.},
	title = {Relation between the {Widom} line and the dynamic crossover in systems with a liquid-liquid phase transition},
	fjournal = {Proceedings of the National Academy of Sciences},
	journal = {Proc. Natl. Acad. Sci. U.S.A.},
	sjournal = {PNAS},
	volume = {102},
	number = {46},
	pages = {16558-16562},
	year = {2005},
	doi = {10.1073/pnas.0507870102},
	URL = {https://www.pnas.org/doi/abs/10.1073/pnas.0507870102}
}

% McMillan, Paul F., Stanley, H. Eugene
@article{MS10,
	author = {McMillan, Paul F. and Stanley, H. Eugene},
	title = {Going supercritical},
	fjournal = {Nature Physics},
	journal = {Nat. Phys.},
	year = {2010},
	volume = {6},
	pages = {479--480},
	url = {https://doi.org/10.1038/nphys1711},
	doi = {10.1038/nphys1711}
}

% Simeoni G. G., Bryk T., Gorelli F. A. 
@article{SBGetal10,
	author = {Simeoni, G. G. and Bryk, T. and Gorelli, F. A. and Krisch, M. and Ruocco, G. and Santoro, M. and Scopigno, T.},
	title = {The {Widom} line as the crossover between liquid-like and gas-like behaviour in supercritical fluids},
	fjournal = {Nature Physics},
	journal = {Nat. Phys.},
	year = {2010},
	volume = {6},
	pages = {503 -- 507},
	url = {https://doi.org/10.1038/nphys1683},
	doi = {10.1038/nphys1683}
}

% Artemenko Sergey, Krijgsman Pieter, Mazur Victor
@article{AKM17,
	author = {Artemenko, Sergey and Krijgsman, Pieter and Mazur, Victor},
	title = {The {Widom} line for supercritical fluids},
	fjournal = {Journal of Molecular Liquids},
	journal = {J. Mol. Liq.},
	volume = {238},
	pages = {122-128},
	year = {2017},
	issn = {0167-7322},
	doi = {https://doi.org/10.1016/j.molliq.2017.03.107},
	url = {https://www.sciencedirect.com/science/article/pii/S0167732216316348}
}

% Proctor, John E.
@book{Proctor20,
	title = {The Liquid and Supercritical Fluid States of Matter},
	author = {Proctor, John E.},
	year = {2020},
	pages = {300},
	publisher = {CRC Press},
	address = {Boca Raton},
	doi = {10.1201/9780429491443},
	isbn = {9780429491443}
}

% Kozlovskii M.P., Dobush O.A.
@article{KD20,
	author = {Kozlovskii, M. P. and Dobush, O. A.},
	title = {Phase behavior of a cell fluid model with modified {M}orse potential},
	fjournal = {Ukrainian Journal of Physics},
	journal = {Ukr. J. Phys.},
	year = {2020},
	volume = {65},
	number = {5},
	pages = {428 -- 437},
	doi = {10.15407/ujpe65.5.428},
	url = {https://ujp.bitp.kiev.ua/index.php/ujp/article/view/2019631}
}

% Dobush O.A., Kozlovskii M.P., Romanik R.V., Pylyuk I. V.
@misc{DKRP24arxiv,
	title={Thermodynamic response functions in a cell fluid model}, 
	author={Dobush, O. A. and Kozlovskii, M. P. and Romanik, R. V. and Pylyuk, I. V.},
	year={2024},
	eprint={arXiv:2409.09786},
	archivePrefix={arXiv},
	primaryClass={cond-mat.stat-mech},
	url={https://arxiv.org/abs/2409.09786},
	doi = {https://doi.org/10.48550/arXiv.2409.09786},
	note = {arXiv:2409.09786}
}

@article{DKRP24,
	title={Thermodynamic response functions in a cell fluid model}, 
	author={Dobush, O. A. and Kozlovskii, M. P. and Romanik, R. V. and Pylyuk, I. V.},
	fjournal = {Ukrainian Journal of Physics},
	journal = {Ukr. J. Phys.},
	year={2024},
	note = {in print}
}

@article{KD16,
	author = {Kozlovskii, M. P. and Dobush, O. A.},
	title = {Representation of the grand partition function of the cell model: The state equation in the mean-field approximation},
	fjournal = {Journal of Molecular Liquids},
	journal = {J. Mol. Liq.},
	volume = {215},
	pages = {58-68},
	year = {2016},
	issn = {0167-7322},
	doi = {https://doi.org/10.1016/j.molliq.2015.12.018},
	url = {https://www.sciencedirect.com/science/article/pii/S0167732215312101},
	keywords = {Cell model, Collective variables, Simple fluid, State equation}
}

% Morse P.M.
@article{Morse29,
	title = {Diatomic Molecules According to the Wave Mechanics. {II}. Vibrational Levels},
	author = {Morse, Philip M.},
	journal = {Phys. Rev.},
	volume = {34},
	issue = {1},
	pages = {57--64},
	numpages = {13},
	year = {1929},
	publisher = {American Physical Society},
	doi = {10.1103/PhysRev.34.57},
	url = {https://link.aps.org/doi/10.1103/PhysRev.34.57}
}